% This file was created with JabRef 2.10b2.
% Encoding: UTF-8


@Article{AspBG14,
  Title                    = {Approximation Bounds for Sparse Principal Component Analysis},
  Author                   = {d'Aspremont, Alexandre and Bach, Francis and El Ghaoui, Laurent},
  Journal                  = {Mathematical Programming B},
  Year                     = {2014},
  Number                   = {1-2},
  Pages                    = {89--110},
  Volume                   = {148}
}

@Article{Asp08,
  Title                    = {Optimal Solutions for Sparse Principal Component Analysis},
  Author                   = {d'Aspremont, Alexandre and Bach, Francis and El Ghaoui, Laurent},
  Journal                  = {Journal of Machine Learning Research},
  Year                     = {2008},
  Pages                    = {1269--1294},
  Volume                   = {9},

  Owner                    = {gally},
  Timestamp                = {2014.12.08}
}

@Article{Asp07,
  Title                    = {A direct formulation for sparse {PCA} using semidefinite programming},
  Author                   = {d'Aspremont, Alexandre and El Ghaoui, Laurent and Jordan, M. I. and Lanckriet, Gert R. G.},
  Journal                  = {SIAM Review},
  Year                     = {2007},
  Number                   = {3},
  Pages                    = {434--448},
  Volume                   = {49},

  Owner                    = {gally},
  Timestamp                = {2014.12.08}
}

@Article{SCIP,
  Title                    = {{SCIP}: solving constraint integer programs},
  Author                   = {Tobias Achterberg},
  Journal                  = {Mathematical Programming Computation},
  Year                     = {2009},
  Number                   = {1},
  Pages                    = {1--41},
  Volume                   = {1},

  Owner                    = {gally},
  Timestamp                = {2014.12.09}
}

@PhdThesis{achterbergphd,
  Title                    = {Constraint Integer Programming},
  Author                   = {Tobias Achterberg},
  School                   = {TU Berlin},
  Year                     = {2007},
  Month                    = {July},

  Owner                    = {gally},
  Timestamp                = {2015.02.10}
}

@Article{alizadeh95,
  Title                    = {Interior point methods in semidefinite programming with applications to combinatorial optimization},
  Author                   = {Farid Alizadeh},
  Journal                  = {SIAM Journal on Optimization},
  Year                     = {1995},
  Number                   = {1},
  Pages                    = {13--51},
  Volume                   = {5},

  Owner                    = {gally},
  Timestamp                = {2015.02.10}
}

@Article{BDDS13,
  Title                    = {Certifying the restricted isometry property is hard},
  Author                   = {Afonso S. Bandeira and Edgar Dobriban and Dustin G. Mixon and William F. Sawin},
  Journal                  = {IEEE Trans. Inform. Theory},
  Year                     = {2013},
  Number                   = {6},
  Pages                    = {3448--3450},
  Volume                   = {59},

  Owner                    = {gally},
  Timestamp                = {2016.08.29}
}

@Article{BDDW08,
  Title                    = {A Simple Proof of the Restricted Isometry Property for Random Matrices},
  Author                   = {R. Baraniuk and M. Davenport and R. DeVore and M. Wakin},
  Journal                  = {Constructive Approximation},
  Year                     = {2008},
  Number                   = {3},
  Pages                    = {253--263},
  Volume                   = {28},

  Owner                    = {gally},
  Timestamp                = {2014.12.08}
}

@Article{BecBC11,
  Title                    = {{NESTA}: A Fast and Accurate First-Order Method for Sparse Recovery},
  Author                   = {S. Becker and J. Bobin and E. J. Cand\`{e}s},
  Journal                  = {SIAM Journal on Imaging Sciences},
  Year                     = {2011},
  Number                   = {1},
  Pages                    = {1--39},
  Volume                   = {4}
}

@TechReport{DSDP,
  Title                    = {{DSDP5}: Software For Semidefinite Programming},
  Author                   = {Steven J. Benson and Yinyu Ye},
  Institution              = {Mathematics and Computer Science Division, Argonne National Laboratory},
  Year                     = {2005},

  Address                  = {Argonne, IL},
  Month                    = sep,
  Note                     = {Submitted to ACM Transactions on Mathematical Software},
  Number                   = {ANL/MCS-P1289-0905},

  Owner                    = {gally},
  Timestamp                = {2014.12.09},
  Url                      = {http://www.mcs.anl.gov/~benson/dsdp}
}

@Article{vdBF08,
  Title                    = {Probing the {P}areto frontier for basis pursuit solutions},
  Author                   = {E. van den Berg and M. P. Friedlander},
  Journal                  = {SIAM Journal on Scientific Computing},
  Year                     = {2008},
  Number                   = {2},
  Pages                    = {890--912},
  Volume                   = {31}
}

@Article{BCT11,
  Title                    = {Compressed sensing: How sharp is the {RIP}?},
  Author                   = {J. D. Blanchard and C. Cartis and J. Tanner},
  Journal                  = {SIAM Review},
  Year                     = {2011},
  Number                   = {1},
  Pages                    = {105--125},
  Volume                   = {53},

  Owner                    = {gally},
  Timestamp                = {2014.12.08}
}

@Article{CWX10,
  Title                    = {New bounds for restricted isometry constants},
  Author                   = {T.T. Cai and L. Wang and G. Xu},
  Journal                  = {IEEE Transactions on Information Theory},
  Year                     = {2010},

  Month                    = {September},
  Number                   = {9},
  Pages                    = {4388--4394},
  Volume                   = {56},

  Owner                    = {gally},
  Timestamp                = {2014.12.08}
}

@Article{Can08,
  Title                    = {The restricted isometry property and its implications for compressed sensing},
  Author                   = {E. J. Cand\`es},
  Journal                  = {Comptes Rendus Mathematique},
  Year                     = {2008},
  Number                   = {9},
  Pages                    = {589--592},
  Volume                   = {346},

  Owner                    = {gally},
  Timestamp                = {2014.12.08}
}

@Article{CRT05,
  Title                    = {Stable signal recovery from incomplete and inaccurate measurements},
  Author                   = {E. J. Cand\`es and J. Romberg and T. Tao},
  Journal                  = {Communications on Pure and Applied Mathematics},
  Year                     = {2005},
  Pages                    = {1207--1223},
  Volume                   = {59},

  Owner                    = {gally},
  Timestamp                = {2014.12.08}
}

@Article{CT05,
  Title                    = {Decoding by linear programming},
  Author                   = {E. J. Cand\`es and T. Tao},
  Journal                  = {IEEE Transactions on Information Theory},
  Year                     = {2005},
  Pages                    = {1207--1223},
  Volume                   = {59},

  Owner                    = {gally},
  Timestamp                = {2014.12.08}
}

@Article{CheDS99,
  Title                    = {Atomic Decomposition by Basis Pursuit},
  Author                   = {Scott Shaobing Chen and David L. Donoho and Michael A. Saunders},
  Journal                  = {SIAM Journal on Scientific Computing},
  Year                     = {1999},
  Number                   = {1},
  Pages                    = {33--61},
  Volume                   = {20}
}

@Article{DH01,
  Title                    = {Uncertainty principles and ideal atomic decomposition},
  Author                   = {D. L. Donoho and X. Huo},
  Journal                  = {IEEE Transactions on Information Theory},
  Year                     = {2001},
  Number                   = {7},
  Pages                    = {2845--2862},
  Volume                   = {47},

  Owner                    = {gally},
  Timestamp                = {2014.12.08}
}

@Article{Fou10,
  Title                    = {A note on guaranteed sparse recovery via $\ell_1$-minimization},
  Author                   = {Simon Foucart},
  Journal                  = {Applied and Computational Harmonic Analysis},
  Year                     = {2010},
  Number                   = {1},
  Pages                    = {97--103},
  Volume                   = {29},

  Owner                    = {gally},
  Timestamp                = {2014.12.08}
}

@Article{FL09,
  Title                    = {Sparsest solutions of underdetermined linear systems via $\ell_q$-minimization for $0 < q \le 1$},
  Author                   = {S. Foucart and M.-J. Lai},
  Journal                  = {Applied and Computational Harmonic Analysis},
  Year                     = {2009},
  Number                   = {3},
  Pages                    = {395--407},
  Volume                   = {26},

  Owner                    = {gally},
  Timestamp                = {2014.12.08}
}

@Book{FouR13,
  Title                    = {A Mathematical Introduction to Compressive Sensing},
  Author                   = {Foucart, Simon and Rauhut, Holger},
  Publisher                = {Birkh\"auser},
  Year                     = {2013},

  Address                  = {Basel},

  Annote                   = {Applied and Numerical Harmonic Analysis}
}

@TechReport{GalPU16,
  Title                    = {A framework for solving mixed-integer semidefinite programs},
  Author                   = {Tristan Gally and Marc E. Pfetsch and Stefan Ulbrich},
  Institution              = {Optimization Online},
  Year                     = {2016}
}

@Book{GareyJohnson,
  Title                    = {Computers and intractability. A guide to the theory of {NP}-completeness},
  Author                   = {M.R. Garey and D.S. Johnson},
  Publisher                = {W. H. Freeman and Company},
  Year                     = {1979},

  Owner                    = {gally},
  Timestamp                = {2014.12.08}
}

@Article{GW95,
  Title                    = {Improved approximation algorithms for maximum cut and satisfiability problems using semidefinite programming},
  Author                   = {M. X. Goemans and D. P. Williamson},
  Journal                  = {Journal of the Association for Computing Machinery},
  Year                     = {1995},
  Number                   = {6},
  Pages                    = {1115--1145},
  Volume                   = {42},

  Owner                    = {gally},
  Timestamp                = {2014.12.08}
}

@Misc{helmberghabil,
  Title                    = {Semidefinite Programming for Combinatorial Optimization},

  Author                   = {Christoph Helmberg},
  HowPublished             = {Habilitations\-schrift},
  Month                    = {January},
  Note                     = {ZIB-Report ZR-00-34, Zuse Institute Berlin},
  Year                     = {2000},

  Owner                    = {gally},
  Timestamp                = {2015.02.10}
}

@Article{LorPT15,
  Title                    = {Solving Basis Pursuit: Heuristic Optimality Check and Solver Comparison},
  Author                   = {Dirk A. Lorenz and Marc E. Pfetsch and Andreas M. Tillmann},
  Journal                  = {ACM Transactions on Mathematical Software},
  Year                     = {2015},
  Number                   = {2},
  Pages                    = {Article 8, 29 pages},
  Volume                   = {41},

  Doi                      = {http://dx.doi.org/10.1145/2689662}
}

@InProceedings{MalCW05,
  Title                    = {Homotopy Continuation for Sparse Signal Representation},
  Author                   = {D. Malioutov and M. \c{C}etin and A. Willsky},
  Booktitle                = {Proceedings of the IEEE International Conference on Acoustics, Speech, and Signal Processing (ICASSP'05)},
  Year                     = {2005},
  Pages                    = {733--736},
  Volume                   = {5}
}

@PhdThesis{Mar13,
  Title                    = {Mixed-Integer Semidefinite Programming with an Application to Truss Topology Design},
  Author                   = {Sonja Mars},
  School                   = {FAU Erlangen-N\"urnberg},
  Year                     = {2013},

  Owner                    = {gally},
  Timestamp                = {2014.12.09}
}

@TechReport{MS12,
  Title                    = {An {SDP}-Package for {SCIP}},
  Author                   = {Sonja Mars and Lars Schewe},
  Institution              = {TU Darmstadt and FAU Erlangen-N\"urnberg},
  Year                     = {2012},
  Month                    = {August},

  Owner                    = {gally},
  Timestamp                = {2015.09.24}
}

@Article{sbSPCA,
  Title                    = {Spectral bounds for sparse {PCA}: Exact and greedy algorithms},
  Author                   = {Baback Moghaddam and Yair Weiss and Shai Avidan},
  Journal                  = {Advances in Neural Information Processing Systems},
  Year                     = {2006},
  Pages                    = {915--922},
  Volume                   = {18},

  Owner                    = {gally},
  Timestamp                = {2015.02.09}
}

@Book{neneip,
  Title                    = {Interior-Point Polynomial Algorithms in Convex Programming},
  Author                   = {Yurii Nesterov and Arkadii Nemiroskii},
  Publisher                = {SIAM},
  Year                     = {1994},
  Series                   = {Studies in Applied Mathematics},

  Owner                    = {gally},
  Timestamp                = {2015.02.10}
}

@Article{OsbPT00,
  Title                    = {A new approach to variable selection in least squares problems},
  Author                   = {M. Osbourne and B. Presnell and B. Turlach},
  Journal                  = {IMA Journal of Numerical Analysis},
  Year                     = {2000},
  Number                   = {3},
  Pages                    = {389--402},
  Volume                   = {20}
}

@Article{Pat98,
  Title                    = {On the Rank of Extreme Matrices in Semidefinite Programs and the Multiplicity of Optimal Eigenvalues},
  Author                   = {Gabor Pataki},
  Journal                  = {Mathematics of Operations Research},
  Year                     = {1998},
  Number                   = {2},
  Pages                    = {339--358},
  Volume                   = {23},

  Owner                    = {gally},
  Timestamp                = {2014.12.08}
}

@InProceedings{coneLP,
  Title                    = {Cone-{LP}'s and semidefinite programs: Geometry and a simplex-type method},
  Author                   = {Pataki, G{\'a}bor},
  Booktitle                = {Proceedings of the 5th International IPCO Conference, Vancouver, Canada},
  Year                     = {1996},
  Editor                   = {Cunningham, William H. and McCormick, S. Thomas and Queyranne, Maurice},
  Pages                    = {162--174},
  Publisher                = {Springer, Berlin, Heidelberg},
  Series                   = {LNCS},
  Volume                   = {1084},

  Doi                      = {10.1007/3-540-61310-2_13}
}

@Book{Roc70,
  Title                    = {Convex Analysis},
  Author                   = {R.T. Rockafellar},
  Publisher                = {Princeton University Press},
  Year                     = {1970},

  Owner                    = {gally},
  Timestamp                = {2014.12.09}
}

@Article{PT14,
  Title                    = {The Computational Complexity of the Restricted Isometry Property, the Nullspace Property, and Related Concepts in Compressed Sensing},
  Author                   = {Andreas M. Tillmann and Marc E. Pfetsch},
  Journal                  = {IEEE Transactions on Information Theory},
  Year                     = {2014},
  Number                   = {2},
  Pages                    = {1248--1259},
  Volume                   = {60},

  Owner                    = {gally},
  Timestamp                = {2014.12.08}
}

@Article{SDPA6,
  Title                    = {Implementation and evaluation of {SDPA} 6.0 ({SemiDefinite Programming Algorithm} 6.0)},
  Author                   = {Makoto Yamashita and Katsuki Fujisawa and Masakazu Kojima},
  Journal                  = {Optimization Methods and Software},
  Year                     = {2003},
  Pages                    = {491--505},
  Volume                   = {18},

  Owner                    = {gally},
  Timestamp                = {2015.09.24}
}

@TechReport{SDPA7,
  Title                    = {A high-performance software package for semidefinite programs: {SDPA} 7},
  Author                   = {Makoto Yamashita and Katsuki Fujisawa and Kazuhide Nakata and Maho Nakata and Mituhiro Fukuda and Kazuhiro Kobayashi and Kazushige Goto},
  Institution              = {Dept. of Mathematical and Computing Science, Tokyo Institute of Technology},
  Year                     = {2010},
  Month                    = {September},
  Number                   = {Research Report B-460},

  Owner                    = {gally},
  Timestamp                = {2015.09.24}
}

@Book{yeip,
  Title                    = {Interior Point Algorithms},
  Author                   = {Yinyu Ye},
  Editor                   = {Ronald L. Graham and Jan K. Lenstra and Robert E. Tarjan},
  Publisher                = {John Wiley and Sons, New York},
  Year                     = {1997},
  Series                   = {Wiley-Interscience Series in Discrete Mathematics Optimization},

  Owner                    = {gally},
  Timestamp                = {2015.02.10}
}

@TechReport{Zha08,
  Title                    = {Theory of compressive sensing via 1-minimization: A non-{RIP} analysis and extensions},
  Author                   = {Y. Zhang},
  Institution              = {Department of Computational and Applied Mathematics, Rice University, Houston, TX},
  Year                     = {2008},
  Number                   = {TR08-11 (revised)},

  Owner                    = {gally},
  Timestamp                = {2014.12.08}
}

@Article{SPCA,
  Title                    = {Sparse Principal Component Analysis},
  Author                   = {Hui Zou and Trevor Hastie and Robert Tibshirani},
  Journal                  = {Journal of Computational \& Graphical Statistics},
  Year                     = {2006},
  Number                   = {2},
  Pages                    = {265--286},
  Volume                   = {15},

  Owner                    = {gally},
  Timestamp                = {2015.02.09}
}

@Misc{SCIP-SDP,
  Title                    = {{SCIP-SDP}},
  HowPublished             = {Available at \url{http://www.opt.tu-darmstadt.de/scipsdp/}},
  Year                     = {visited 03/2016},

  Key                      = {SCIP-SDP},
  Owner                    = {gally},
  Timestamp                = {2015.10.22}
}

@Electronic{MAT,
  Title                    = {{MATLAB} 8.3.0},
  Url                      = {http://www.mathworks.de/products/matlab/},
  Year                     = {2014},

  Owner                    = {gally},
  Timestamp                = {2014.12.22}
}

