@PhdThesis{Gal19,
  author =	 {Tristan Gally},
  title =	 {Computational Mixed-Integer Semidefinite Programming },
  school =	 {TU Darmstadt},
  year =	 {2019}
}

@TechReport{GalP16,
  author =	 {Tristan Gally and Marc E. Pfetsch},
  title =	 {Computing Restricted Isometry Constants via Mixed-Integer Semidefinite
                  Programming},
  institution =	 {Optimization Online},
  year =	 {2016},
  url =		 {http://www.optimization-online.org/DB_HTML/2016/04/5395.html}
}

@TechReport{LiX20,
  author =	 {Yongchun Li and Weijun Xie},
  title =	 {Exact and Approximation Algorithms for Sparse {PCA}},
  institution =	 {Optimization Online},
  year =	 {2020},
  note =	 {\url{http://www.optimization-online.org/DB_HTML/2020/05/7802.html}}
}

@Article{Kob20,
  title =	 {A branch-and-cut algorithm for solving mixed-integer semidefinite optimization
                  problems},
  author =	 {Ken Kobayashi and Yuich Takano},
  journal =	 {Computational Optimization and Applications},
  volume =	 {75},
  number =	 {2},
  pages =	 {493--513},
  year =	 {2020},
  publisher =	 {Springer}
}

@Article{dAspEtAl07,
  title={A direct formulation for sparse {PCA} using semidefinite programming},
  author={Alexandre d' Aspremont and Laurent El Ghaoui and Michael I. Jordan and Gert R. G. Lanckriet},
  journal={SIAM Review},
  volume={49},
  number={3},
  pages={434--448},
  year={2007}
}

@Article{dAspEtAl08,
  title =	 {Optimal solutions for sparse principal component analysis},
  author =	 {Alexandre dâ€™Aspremont and Francis Bach and Laurent El Ghaoui},
  journal =	 {Journal of Machine Learning Research},
  volume =	 {9},
  number =	 {Jul},
  pages =	 {1269--1294},
  year =	 {2008}
}