@Article{Sav94,
  author =	 {M. W. P.  Savelsbergh},
  title =	 {Preprocessing and Probing Techniques for Mixed Integer Programming Problems},
  journal =	 {ORSA J. Comput.},
  year =	 {1994},
  volume =	 {6},
  number =	 {4},
  pages =	 {445--454}
}

@PhdThesis{Gal19,
  author =	 {Tristan Gally},
  title =	 {Computational Mixed-Integer Semidefinite Programming },
  school =	 {TU Darmstadt},
  year =	 {2019}
}

@TechReport{GalP16,
  author =	 {Tristan Gally and Marc E. Pfetsch},
  title =	 {Computing Restricted Isometry Constants via Mixed-Integer Semidefinite
                  Programming},
  institution =	 {Optimization Online},
  year =	 {2016},
  url =		 {http://www.optimization-online.org/DB_HTML/2016/04/5395.html}
}

@Book{Gan59II,
  author =	 {Gantmacher, Felix},
  title =	 {Theory of matrices},
  volume =	 {2},
  publisher =	 {AMS Chelsea Publishing},
  year =	 {1959}
}

@Book{Gan59I,
  author =	 {Gantmacher, Felix},
  title =	 {Theory of matrices},
  volume =	 {1},
  publisher =	 {AMS Chelsea Publishing},
  year =	 {1959}
}

@PhdThesis{Hel00,
  author =	 {Christoph Helmberg},
  title =	 {Semidefinite programming for combinatorial optimization. Habilitationsschrift},
  school =	 {TU Berlin},
  year =	 {2000},
  type =	 {Habilitation}
}

@PhdThesis{Str16,
  author =	 {Strabi\'c, Nata\u{s}a},
  title =	 {Theory and algorithms for matrix problems with positive semidefinite constraints },
  school =	 {University of Manchaster},
  year =	 {2016}
}

@article{HigSS16,
  author =	 {Higham, Nicholas J. and Strabi\'c, Nata\u{s}a and \u{S}ego, Vedran},
  title =	 {Restoring Definiteness via Shrinking, with an Application to Correlation Matrices
                  with a Fixed Block},
  journal =	 {SIAM Review},
  volume =	 {58},
  number =	 {2},
  pages =	 {245--263},
  year =	 {2016},
  doi =		 {10.1137/140996112},
}

@Book{BoyV09,
  author =	 {Stephen Boyd and Lieven Vandenberghe },
  title =	 {Convex Optimization },
  publisher =	 {Cambridge University Press },
  year =	 {2009},
  edition =	 {7}
}

@TechReport{LiX20,
  author =	 {Yongchun Li and Weijun Xie},
  title =	 {Exact and Approximation Algorithms for Sparse {PCA}},
  institution =	 {Optimization Online},
  year =	 {2020},
  note =	 {\url{http://www.optimization-online.org/DB_HTML/2020/05/7802.html}}
}

@PhdThesis{Mar13,
  author =	 {Sonja Mars},
  title =	 {Mixed-Integer Semidefinite Programming with an Application to Truss Topology
                  Design},
  school =	 {FAU Erlangen-N\"urnberg},
  year =	 {2013}
}

